\begin{thebibliography}

@misc{joint_xm_radio_sirius_xm_patent,
  month = {07},
  title = {US8630578B2 - Methods and apparatus for interoperable satellite radio receivers 
        - Google Patents},
  url = {https://patents.google.com/patent/US8630578B2/en},
  urldate = {2025-04-06},
  year = {2012},
  organization = {Google.com}
}

\end{thebibliography}